@misc{bernstein2005cache,
  title={Cache-timing attacks on AES},
  author={Bernstein, Daniel J},
  year={2005},
  note={\url{http://cr.yp.to/antiforgery/cachetiming-20050414.pdf}}
}
@misc{NISTAES,
  title={Advanced Encryption Standard},
  author={NIST},
  year={2001},
  note={\url{http://csrc.nist.gov/publications/fips/fips197/fips-197.pdf}}
}

@misc{Hamburg2009AES,
  title={Accelerating AES with vector permute instructions},
  author={Hamburg, Mike},
  note={\url{http://shiftleft.org/papers/vector_aes/vector_aes.pdf}},
  year={2009}
}
@misc{kasper2009faster,
  title={Faster and timing-attack resistant AES-GCM},
  author={Kasper, Emilia and Schwabe, Peter},
  note={\url{http://www.iacr.org/archive/ches2009/57470001/57470001.pdf}},
  year={2009},
}
